@ARTICLE{L97,
	author = {Leitch, E. M. and Readhead, A. C. S. and Pearson, T.J. and Myers, S. T.},
	title = {An Anomalous Component of Galactic Emission},
	journal = {ApJ},
	eprint = {astro-ph/9705241},
	year = {1997},
	pages = {L23-L26},
	doi = {10.1086/310823},
	adsurl = {http://adsabs.harvard.edu/abs/1997ApJ...486L..23L},
	adsnote = {Provided by the SAO/NASA Astrophysics Data System},
}


@article{K96,
	author = {Kogut and Banday and Bennet},
	title = {High Latitude Galactic emission in the COBE differential microwave radiometer 2 year sky maps},
	journal = {ApJ},
	year = {1996},
}


@article{DL98a,
	author = {Draine and Lazarian},
	title = {Diffuse Galactic emission from spinning dust grains},
	journal = {ApJ},
	year = {1998},
}

@article{DL98b,
	Author = {Draine, B. T. and Lazarian, A.},
	Title = {Electric Dipole Radiation from Spinning Dust Grains},
	Year = {1998},
	Eprint = {arXiv:astro-ph/9802239},
	Howpublished = {Astrophys.J.508:157-179,1998},
	Doi = {10.1086/306387},
}
@article{Erickson,
	author = {W. C. Erickson},
	title = { A Mechanism of Non-Thermal Radio-Noise Origin},
	journal = {ApJ},
	year = {1957},
}

@article{Ali,
	author = {Yacine Ali-Ha\"imoud and Christopher M. Hirata and Clive Dickinson},
	title = {A refined model for spinning dust radiation},
	journal = {Monthly Notices of the Royal Astronomical Society},
	year = {2009},
}

@article{Ali2,
	author = {Yacine Ali-Ha{\"i}moud},
	title = {Spinning dust radiation: a review of the theory},
	journal = {Adv. Ast. },
	year = {2012},
}

@article{B92,
	author = {C. L. Bennet },
	journal = {ApJ, 396,L7},
	year = {1992},
}

@article{Seaton,
	author = {M. J. Seaton},
	title = {Interstellar extinction in the UV},
	journal = {Monthly Notices of the Royal Astronomical Society},
	year = {1979},
}

@article{Trumpler,
	author = {Trumpler, Robert J},
	title = {Absorption of Light in the Galactic System},
	journal = {Publications of the Astronomical Society of the Pacific, Vol. 42, No. 248, p.214},
	year = {1930},
}

@article{WD01a,
	author = {Joseph C. Weingartner and B. T. Draine},
	title = {Dust Grain-Size distribution and Extinction in the Milky Way, Large Magellanic Cloud, and Small Magellanic Cloud},
	journal = {ApJ, 548:296-309},
	year = {2001},
}

@article{Mather,
	author = {Mather, John C.},
	title = {The Cosmic Background Explorer (COBE)},
	journal = {Optical Engineering},
	volume = {21},
	number = {4},
	pages = {214769-214769},
	abstract = {The Cosmic Background Explorer (COBE) satellite, under study by NASA since 1976, will map the spectrum and the angular distribution of diffuse radiation from the universe over the entire wavelength range from 1 micron to 1.3 cm. It carries three instruments: a set of differential microwave radiometers (DMR) at 23.5, 31.4, 53, and 90 GHz, a far infrared absolute spectrophotometer (FIRAS) covering 1 to 100 cm-1, and a diffuse infrared background experiment (DIRBE) covering 1 to 300 microns. They will use the ideal space environment, a one year lifetime, and standard instrument techniques to achieve orders of magnitude improvements in sensitivity and accuracy, providing a fundamental data base for cosmology. The instruments are united by common purpose as well as similar environmental and orbital requirements. The data from all three experiments will be analyzed together, to distinguish nearby sources of radiation from the cosmologically interesting diffuse background radiations. Con-struction is planned to begin in 1982 for a launch in 1988.},
	year = {1982},
	doi = {10.1117/12.7972975},
	
}

@ARTICLE{Relikt,
	author = {Strukov, I. A. and Skulachev, D. P.},
	title = {Satellite-borne investigation of the relic-radiation anisotropy - The Relikt experiment},
	journal = {Itogi Nauki i Tekhniki Seriia Astronomiia},
	keywords = {Astronomical Satellites, Cosmology, Prognoz Satellites, Radio Astronomy, Relic Radiation, Anisotropy, Millimeter Waves, Radio Sources (Astronomy), Satellite-Borne Instruments, Spaceborne Astronomy},
	year = 1986,
	volume = 31,
	pages = {37-73},
	adsurl = {http://adsabs.harvard.edu/abs/1986INTSA..31...37S},
	adsnote = {Provided by the SAO/NASA Astrophysics Data System}
}

@article{Planck,
	author = {{Planck Collaboration} and {Ade, P. A. R.} and {Aghanim, N.} and {Arnaud, M.} and {Ashdown, M.} and {Aumont, J.} and {Baccigalupi, C.} and {Balbi, A.} and {Banday, A. J.} and {Barreiro, R. B.} and {Bartlett, J. G.} and {Battaner, E.} and {Benabed, K.} and {Benoît, A.} and {Bernard, J.-P.} and {Bersanelli, M.} and {Bhatia, R.} and {Bock, J. J.} and {Bonaldi, A.} and {Bond, J. R.} and {Borrill, J.} and {Bouchet, F. R.} and {Boulanger, F.} and {Bucher, M.} and {Burigana, C.} and {Cabella, P.} and {Cappellini, B.} and {Cardoso, J.-F.} and {Casassus, S.} and {Catalano, A.} and {Cayón, L.} and {Challinor, A.} and {Chamballu, A.} and {Chary, R.-R.} and {Chen, X.} and {Chiang, L.-Y.} and {Chiang, C.} and {Christensen, P. R.} and {Clements, D. L.} and {Colombi, S.} and {Couchot, F.} and {Coulais, A.} and {Crill, B. P.} and {Cuttaia, F.} and {Danese, L.} and {Davies, R. D.} and {Davis, R. J.} and {de Bernardis, P.} and {de Gasperis, G.} and {de Rosa, A.} and {de Zotti, G.} and {Delabrouille, J.} and {Delouis, J.-M.} and {Dickinson, C.} and {Donzelli, S.} and {Doré, O.} and {Dörl, U.} and {Douspis, M.} and {Dupac, X.} and {Efstathiou, G.} and {Enßlin, T. A.} and {Eriksen, H. K.} and {Finelli, F.} and {Forni, O.} and {Frailis, M.} and {Franceschi, E.} and {Galeotta, S.} and {Ganga, K.} and {Génova-Santos, R. T.} and {Giard, M.} and {Giardino, G.} and {Giraud-Héraud, Y.} and {González-Nuevo, J.} and {Górski, K. M.} and {Gratton, S.} and {Gregorio, A.} and {Gruppuso, A.} and {Hansen, F. K.} and {Harrison, D.} and {Helou, G.} and {Henrot-Versillé, S.} and {Herranz, D.} and {Hildebrandt, S. R.} and {Hivon, E.} and {Hobson, M.} and {Holmes, W. A.} and {Hovest, W.} and {Hoyland, R. J.} and {Huffenberger, K. M.} and {Jaffe, T. R.} and {Jaffe, A. H.} and {Jones, W. C.} and {Juvela, M.} and {Keihänen, E.} and {Keskitalo, R.} and {Kisner, T. S.} and {Kneissl, R.} and {Knox, L.} and {Kurki-Suonio, H.} and {Lagache, G.} and {Lähteenmäki, A.} and {Lamarre, J.-M.} and {Lasenby, A.} and {Laureijs, R. J.} and {Lawrence, C. R.} and {Leach, S.} and {Leonardi, R.} and {Lilje, P. B.} and {Linden-Vørnle, M.} and {López-Caniego, M.} and {Lubin, P. M.} and {Macías-Pérez, J. F.} and {MacTavish, C. J.} and {Maffei, B.} and {Maino, D.} and {Mandolesi, N.} and {Mann, R.} and {Maris, M.} and {Marshall, D. J.} and {Martínez-González, E.} and {Masi, S.} and {Matarrese, S.} and {Matthai, F.} and {Mazzotta, P.} and {McGehee, P.} and {Meinhold, P. R.} and {Melchiorri, A.} and {Mendes, L.} and {Mennella, A.} and {Mitra, S.} and {Miville-Deschênes, M.-A.} and {Moneti, A.} and {Montier, L.} and {Morgante, G.} and {Mortlock, D.} and {Munshi, D.} and {Murphy, A.} and {Naselsky, P.} and {Natoli, P.} and {Netterfield, C. B.} and {Nørgaard-Nielsen, H. U.} and {Noviello, F.} and {Novikov, D.} and {Novikov, I.} and {O’Dwyer, I. J.} and {Osborne, S.} and {Pajot, F.} and {Paladini, R.} and {Partridge, B.} and {Pasian, F.} and {Patanchon, G.} and {Pearson, T. J.} and {Peel, M.} and {Perdereau, O.} and {Perotto, L.} and {Perrotta, F.} and {Piacentini, F.} and {Piat, M.} and {Plaszczynski, S.} and {Platania, P.} and {Pointecouteau, E.} and {Polenta, G.} and {Ponthieu, N.} and {Poutanen, T.} and {Prézeau, G.} and {Procopio, P.} and {Prunet, S.} and {Puget, J.-L.} and {Reach, W. T.} and {Rebolo, R.} and {Reich, W.} and {Reinecke, M.} and {Renault, C.} and {Ricciardi, S.} and {Riller, T.} and {Ristorcelli, I.} and {Rocha, G.} and {Rosset, C.} and {Rowan-Robinson, M.} and {Rubiño-Martín, J. A.} and {Rusholme, B.} and {Sandri, M.} and {Santos, D.} and {Savini, G.} and {Scott, D.} and {Seiffert, M. D.} and {Shellard, P.} and {Smoot, G. F.} and {Starck, J.-L.} and {Stivoli, F.} and {Stolyarov, V.} and {Stompor, R.} and {Sudiwala, R.} and {Sygnet, J.-F.} and {Tauber, J. A.} and {Terenzi, L.} and {Toffolatti, L.} and {Tomasi, M.} and {Torre, J.-P.} and {Tristram, M.} and {Tuovinen, J.} and {Umana, G.} and {Valenziano, L.} and {Varis, J.} and {Verstraete, L.} and {Vielva, P.} and {Villa, F.} and {Vittorio, N.} and {Wade, L. A.} and {Wandelt, B. D.} and {Wtson, R.} and {Wilkinson, A.} and {Ysard, N.} and {Yvon, D.} and {Zacchei, A.} and {Zonca, A.}},
	title = {Planck early results. XX. New light on anomalous microwave emission from spinning dust grains},
	DOI= "10.1051/0004-6361/201116470",
	journal = {A\&A},
	year = 2011,
	volume = 536,
	pages = "A20",
}

@ARTICLE{OAO,
	author = {{Bless}, R.~C. and {Savage}, B.~D.},
	title = "{Ultraviolet Photometry from the Orbiting Astronomical Observatory. II. Interstellar Extinction}",
	journal = {ApJ},
	year = 1972,
	month = feb,
	volume = 171,
	pages = {293},
	doi = {10.1086/151282},
	adsurl = {http://adsabs.harvard.edu/abs/1972ApJ...171..293B},
	adsnote = {Provided by the SAO/NASA Astrophysics Data System}
}

@ARTICLE{Forrest,
	author = {{Forrest}, W.~J. and {Gillett}, F.~C. and {Stein}, W.~A.},
	title = "{Circumstellar grains and the intrinsic polarization of starlight}",
	journal = {ApJ},
	keywords = {Cosmic Dust, Infrared Astronomy, Interstellar Matter, Optical Polarization, Stellar Envelopes, Stellar Radiation, Variable Stars, Absorption Spectra, Abundance, Black Body Radiation, Emission Spectra, Light Scattering, Silicates, Silicon Carbides},
	year = 1975,
	month = jan,
	volume = 195,
	pages = {423-440},
	doi = {10.1086/153342},
	adsurl = {http://adsabs.harvard.edu/abs/1975ApJ...195..423F},
	adsnote = {Provided by the SAO/NASA Astrophysics Data System}
}

@article{Purcell,
	author = {Purcell},
	year = {1979},
	journal = {ApJ, 231,404}
}

@Article{Hoyle,
	author="Hoyle, F.
	and Wickramasinghe, N. C.",
	title="Dust in Supernova Explosions",
	journal="Nature",
	year="1970",
	month="Apr",
	day="04",
	volume="226",
	number="5240",
	pages="62--63",
	doi="10.1038/226062a0",
}

@ARTICLE{DLi,
	author = {{Draine}, B.~T. and {Li}, A.},
	title = "{Infrared Emission from Interstellar Dust. I. Stochastic Heating of Small Grains}",
	journal = {ApJ},
	eprint = {astro-ph/0011318},
	keywords = {ISM: Dust, Extinction- Galaxies: ISM, Infrared: ISM: Continuum},
	year = 2001,
	month = apr,
	volume = 551,
	pages = {807-824},
	doi = {10.1086/320227},
	adsurl = {http://adsabs.harvard.edu/abs/2001ApJ...551..807D},
	adsnote = {Provided by the SAO/NASA Astrophysics Data System}
}

@ARTICLE{DS,
	author = {{Draine}, B.~T. and {Sutin}, B.},
	title = "{Collisional charging of interstellar grains}",
	journal = {ApJ},
	keywords = {Charged Particles, Interstellar Matter, Particle Collisions, Charging, Cooling, Electron-Ion Recombination, Grain Size},
	year = 1987,
	month = sep,
	volume = 320,
	pages = {803-817},
	doi = {10.1086/165596},
	adsurl = {http://adsabs.harvard.edu/abs/1987ApJ...320..803D},
	adsnote = {Provided by the SAO/NASA Astrophysics Data System}
}

@ARTICLE{MMP,
	author = {{Mathis}, J.~S. and {Mezger}, P.~G. and {Panagia}, N.},
	title = "{Interstellar radiation field and dust temperatures in the diffuse interstellar matter and in giant molecular clouds}",
	journal = {Aap},
	keywords = {Cosmic Dust, Interstellar Matter, Interstellar Radiation, Molecular Clouds, Graphite, Radiation Distribution, Radiative Transfer, Silicates, Temperature Profiles},
	year = 1983,
	month = nov,
	volume = 128,
	pages = {212-229},
	adsurl = {http://adsabs.harvard.edu/abs/1983A%26A...128..212M},
	adsnote = {Provided by the SAO/NASA Astrophysics Data System}
}

@article{WD01b,
	author={Joseph C. Weingartner and B. T. Draine},
	title={Photoelectric Emission from Interstellar Dust: Grain Charging and Gas Heating},
	journal={The Astrophysical Journal Supplement Series},
	volume={134},
	number={2},
	pages={263},
	url={http://stacks.iop.org/0067-0049/134/i=2/a=263},
	year={2001},
}

@ARTICLE {Hoang,
	author  = "Hoang, Thiem and Lazarian, A.",
	title   = "Spinning Dust Emission from Wobbling Grains: Important Physical Effects and Implications",
	journal = "Advances in Astronomy",
	year    = "2012",
	doi  = "10.1155/2012/208159"
}

@ARTICLE{hensley,
	author = {{Hensley}, B. and {Murphy}, E. and {Staguhn}, J.},
	title = "{Characterizing extragalactic anomalous microwave emission in NGC 6946 with CARMA}",
	journal = {mnras},
	archivePrefix = "arXiv",
	eprint = {1411.7030},
	keywords = {radiation mechanisms: general, ISM: general, radio continuum: ISM},
	year = 2015,
	month = may,
	volume = 449,
	pages = {809-819},
	doi = {10.1093/mnras/stv287},
	adsurl = {http://adsabs.harvard.edu/abs/2015MNRAS.449..809H},
	adsnote = {Provided by the SAO/NASA Astrophysics Data System}
}

@ARTICLE{magnetic,
	author = {{Draine}, B.~T. and {Lazarian}, A.},
	title = "{Magnetic Dipole Microwave Emission from Dust Grains}",
	journal = {ApJ},
	eprint = {astro-ph/9807009},
	keywords = {ISM: DUST, EXTINCTION, ISM: ABUNDANCES, RADIATION MECHANISMS: THERMAL, RADIO CONTINUUM: ISM, ISM: Dust, Extinction, ISM: Abundances, Radiation Mechanisms: Thermal, radio continuum: ISM},
	year = 1999,
	month = feb,
	volume = 512,
	pages = {740-754},
	doi = {10.1086/306809},
	adsurl = {http://adsabs.harvard.edu/abs/1999ApJ...512..740D},
	adsnote = {Provided by the SAO/NASA Astrophysics Data System}
}

@article{Hensley2,
	Author = {Brandon S. Hensley and B. T. Draine and Aaron M. Meisner},
	Title = {A Case Against Spinning PAHs as the Source of the Anomalous Microwave Emission},
	Year = {2016},
	journal = {Monthly Notices of the Royal Astronomical Society},
	Eprint = {arXiv:1505.02157},
	Doi = {10.3847/0004-637X/827/1/45},
}